%% Created for Andrew Acosta at 2008-06-02 19:12:54 -0500
%% This might need some revisions 2015-03-08
%% Saved with string encoding Unicode (UTF-8)

@book{tsay2005aft,
  title={Analysis of financial time series},
  author={Tsay, Ruey S.},
  edition={2nd},
  year={2005},
  publisher={Wiley},
  address={Hoboken, NJ}
}


@book{franses2000nlts,
  title={Non-Linear Time Series Models in Empirical Finance},
  author={Franses, Philip Hans and {van Dijk}, Dick},
  year={2000},
  publisher={Cambridge University Press},
  address={Cambridge, UK}
}

@book{tsay2006mvm,
	title={Multivariate volatility models},
	author={Tsay, Ruey S.},
	editor={Hwai-Chung Ho and Ching-Kang Ing and Tze Leung Lai},
	publisher={Institute of Mathematical Statistics},
	series={{Time Series and Related Topics: In Memory of Ching-Zong Wei}},
	year={2006},
	address={Beachwood, Ohio},
	pages={210--222}
}
	

@misc{ardia2008frm,
  title={{Financial Risk Management with Bayesian Estimation of GARCH Models: Theory and Applications, volume 612 of Lecture Notes in Economics and Mathematical Systems}},
  author={Ardia, David},
  year={2008},
  publisher={Springer-Verlag.}
}

@book{marrison2002frm,
  title={{The fundamentals of risk measurement}},
  author={Marrison, C.I.},
  year={2002},
  publisher={McGraw-Hill}
}

@book{west1997bfa,
  title={{Bayesian forecasting and dynamic models}},
  author={West, M. and Harrison, J.},
  year={1997},
  publisher={Springer}
}

%% Energy Risk
@book{pilipovic2007er,
  title={Energy Risk: Valuing and Managing Energy Derivatives},
  author={Pilipovic, Dragana},
  year={2007},
  edition={2nd},
  publisher={McGraw-Hill},
  address={New York}
}

@book{fusaro1998erm,
  title={Energy Risk Management: Hedging Strategies and Instruments for the International Energy Markets},
  author={Fusaro, P.C.},
  year={1998},
  publisher={McGraw-Hill},
  address={New York}
}

@book{fusaro2007prmgem,
  title={The Professional Risk Managers' Guide to the Energy Market},
  author={Fusaro, P.C.},
  year={2007},
  publisher={McGraw-Hill},
  address={New York}
}


@book{harris2006em,
   title={Electricity Markets: Pricing, Structures and Economics},
   author={Chris Harris},
   year={2006},
   publisher={Wiley},
   address={Hoboken, NJ}
}

@book{weron2006mfel,
   title={Modeling and Forecasting Electricity Loads and Prices: A Statistical Approach},
   author={Rafal Weron},
   year={2006},
   publisher={Wiley},
   address={Hoboken, NJ}
}

@book{eydeland-wolyniec2002,
   title={Energy and Power Risk Management: New Developments in Modeling, Pricing and Hedging},
   author={Alexander Eydeland and Krzysztof Wolyniec},
   year={2002},
   publisher={Wiley},
   address={Hoboken, NJ}
}

@article{lorenz1969pfp,
  title={{The predictability of a flow which possesses many scales of motion}},
  author={Lorenz, E.N.},
  journal={Tellus},
  volume={21},
  number={3},
  year={1969}
}


@article{urga2007cfe,
  title={Common Features in Economics and Finance: An Overview of Recent Developments},
  author={Urga, Giovanni},
  journal={Journal of Business \& Economic Statistics},
  volume={25},
  number={1},
  pages={2--11},
  year={2007},
  publisher={American Statistical Association}
}

@article{lanne2007mgof,
  title={A Multivariate Generalized Orthogonal Factor {GARCH} Model},
  author={Lanne, Markku and Saikkonen, Pentt},
  journal={Journal of Business \& Economic Statistics},
  volume={25},
  number={1},
  pages={61--75},
  year={2007},
  publisher={American Statistical Association}
}

@article{bollerslev1987cht,
  title={{A Conditionally Heteroskedastic Time Series Model for Speculative Prices and Rates of Return}},
  author={Bollerslev, Tim},
  journal={Review of Economics and Statistics},
  volume={69},
  number={3},
  pages={542--547},
  year={1987},
  publisher={JSTOR}
}


@Manual{Rmanual,
    title = {R: A Language and Environment for Statistical Computing},
    author = {{R Development Core Team}},
    organization = {R Foundation for Statistical Computing},
    address = {Vienna, Austria},
    year = {2008},
    note = {{ISBN} 3-900051-07-0},
    url = {http://www.R-project.org},
  }

@book{Rbook,
	Author = {Michael J. Crawley},
	Publisher = {Wiley},
	Title = {{The R Book}},
	address={Hoboken, NJ},
	Year = {2007}}
	
@book{wooldridge2008iem,
	Author = {Wooldridge, Jeffrey M},
	Edition = {4th},
	Publisher = {South-Western},
	Title = {Introductory Econometrics: A Modern Approach},
	Year = {2008}}

@book{duda2001,
	Author = {Duda, Richard O and Hart, Peter E. and Stork, David G.},
	Edition = {2nd},
	Publisher = {Wiley},
	Title = {Pattern Classification},
	Year = 2001}

@book{hastie2001esl,
	Author = {Hastie, T. and Tibshirani, R. and Friedman, J. and others},
	Date-Modified = {2008-06-02 19:10:19 -0500},
	Publisher = {Springer},
	Title = {The Elements of Statistical Learning: Data Mining, Inference, and Prediction},
	Year = {2001}}

%% Style, LaTeX
@book{krantz1997pmw,
	Address = {Providence, RI},
	Author = {Krantz, Steven. G.},
	Publisher = {American Mathematical Society},
	Title = {A Primer of Mathematical Writing},
	Year = {1997}}

@book{higham1993hwm,
	Address = {Philadelphia},
	Author = {Higham, Nicholas. J.},
	Publisher = {Society for \mbox{Industrial} and Applied Mathematics},
	Title = {Handbook of Writing for the Mathematical Sciences},
	Year = {1993}}

@book{swanson1999mt,
	Address = {Providence, RI},
	Author = {Ellen Swanson},
	Publisher = {American Mathematical Society},
	Title = {Mathematics into Type},
	Year = {1999}}

@book{zobel2004wcs,
	Address = {New York},
	Author = {Zobel, Justin},
	Publisher = {Springer-Verlag},
	Title = {Writing for Computer Science},
	edition = {2nd},
	Year = {2004}}

@book{chicago-style2003,
	Edition = {15th},
	Isbn10 = {0226104036},
	Isbn13 = {978-0226104034},
	Key = {Chicago},
	Publisher = {University of Chicago Press},
	Title = {The {C}hicago Manual of Style},
	Year = {2003}}

@book{gratzer2000,
	Author = {George Gr{\"{a}}tzer},
	Edition = {3rd},
	Publisher = {{Birkh{\"{a}}user}-Springer},
	Title = {Math Into {\LaTeX{}}},
	Year = {2000}}

@book{mittlebach04,
	Address = {\mbox{Reading}, Massachusetts},
	Author = {Frank Mittlebach and Michel Goossens},
	Edition = {2nd},
	Publisher = {Addison-Wesley},
	Title = {The {\LaTeX{}} Companion},
	Year = {2004}}

%% Statistical Analysis
@book{martinez2008csh,
	Address = {New York},
	Author = {Wendy L. Martinez and Angel R. Martinez},
	Edition = {2nd},
	Publisher = {Chapman \& Hall/CRC},
	Title = {Computational Statistics with {MATLAB}},
	Year = {2008}}
	
@book{reilly-2000,
	Address = {Forth Worth, TX},
	Author = {Frank K. Reilly and Keith C. Brown},
	Edition = {6th},
	Publisher = {Harcourt},
	Title = {Investment Analysis and Portfolio Management},
	Year = {2000}}

@book{levine-2004sme,
	Address = {Upper Saddle River, NJ},
	Author = {David M. Levine and David Stephan and Timothy C. Krehbiel and Mark L. Berenson},
	Edition = {4th},
	Publisher = {Prentice Hall},
	Title = {Statistics for Managers using {M}icrosoft {E}xcel},
	Year = {2004}}

@book{rogers-1998,
	Address = {New York},
	Author = {Mark R. Rogers},
	Edition = {2nd},
	Publisher = {McGraw-Hill},
	Title = {Handbook of Key Economic Indicators},
	Year = {1998}
	}

@book{pyle1999dpd,
	Author = {Pyle, Dorian},
	Address = {San Francisco},
	Publisher = {Morgan-Kaufmann},
	Title = {Data Preparation for Data Mining},
	Year = {1999}}
	
%% Journals and Papers
@TechReport{RePEc:boc:bocoec:667,
  author={Christopher F Baum and Mark E. Schaffer and Steven Stillman},
  title={Enhanced routines for instrumental variables/{GMM} estimation and testing},
  year=2007,
  month=May,
  institution={Boston College Department of Economics},
  type={Boston College Working Papers in Economics},
  url={http://ideas.repec.org/p/boc/bocoec/667.html},
  number={667}
}

@article{tsaytiao1984eacf,
  title={Consistent Estimates of Autoregressive Parameters and Extended Sample Autocorrelation Function for Stationary and Nonstationary {ARMA} Models},
  author={Tsay, Ruey S. and Tiao, George C.},
  journal={Journal of the American Statistical Association},
  volume={79},
  number={385},
  pages={84--96},
  year={1984},
  publisher={American Statistical Association}
}

@article{engle1982arch,
  title={Autoregressive Conditional Heteroscedasticity with Estimates of Variance of {U}nited {K}ingdom Inflation},
  author={Robert F. Engle},
  journal={Econometrica},
  volume={50},
  pages={987--1008},
  year={1982},
  comment={the paper which sparked the general interest in ARCH models}
}
 
@article{bollerslev1986garch,
   title={Generalized Autoregressive Conditional Heteroskedasticity},
   author={Tim Bollerslev},
   journal={Journal of Econometrics},
   volume={31},
   pages={307--327},
   year={1986}
}

@article{RePEc:eee:econom:v:147:y:2008:i:1:p:151-162,
  author={Polonik, Wolfgang and Yao, Qiwei},
  title={Testing for multivariate volatility functions using minimum volume sets and inverse regression},
  journal={Journal of Econometrics},
  year=2008,
  volume={147},
  number={1},
  pages={151--162},
  month={November},
  url={http://ideas.repec.org/a/eee/econom/v147y2008i1p151-162.html}
}


%% R Packages
@Manual{fints-R,
    title = {{FinTS}: Companion to {T}say (2005) {A}nalysis of Financial Time Series},
    author = {Spencer Graves},
    year = {2008},
    note = {R package version 0.3-6},
    url = {http://www.r-project.org},
}

@Manual{fseries-R,
    title = {{fSeries}: {R}metrics - Financial Time Series Objects},
    author = {Diethelm Wuertz and others},
    year = {2007},
    note = {R package version 260.73},
    url = {http://www.rmetrics.org},
}

@Manual{fgarch-R,
    title = {{fGarch}: {R}metrics - Autoregressive Conditional Heteroskedastic Modelling},
    author = {Diethelm Wuertz and others},
    year = {2007},
    note = {R package version 260.72},
    url = {http://www.rmetrics.org},
}
  
@Manual{farma-R,
    title = {{fArma}: {R}metrics - {ARMA} Time Series Modelling},
    author = {Diethelm Wuertz and others},
    year = {2007},
    note = {R package version 260.72},
    url = {http://www.rmetrics.org},
}

@Manual{evir-R,
    title = {evir: Extreme Values in {R}},
    author = {Alexander McNeil and Alec Stephenson},
    year = {2008},
    note = {R package version 1.6},
}

@manual{mAr-R,
    title = {{mAr}: Multivariate Autoregressive analysis},
    author = {S. M. Barbosa},
    year = {2007},
    note = {R package version 1.1-1},
}

@Manual{sspir-R,
    title = {sspir: State Space Models in {R}},
    author = {Claus Dethlefsen and Soren Lundbye-Christensen},
    year = {2006},
    note = {R package version 0.2.3},
    url = {http://www.math.aau.dk/\textasciitildedethlef/sspir},
  }

%%  Articles
@article{gilbert2000nocots,
  author = {Gilbert, P.D.},
  year = {2000},
  title = {A note on the computation of time series model roots},
  journal = {Applied Economics Letters},
  volume = {7},
  pages = {423--424},
}

@article{gilbert1995cveass,
  author = {Gilbert, P.D.},
  year = {1995},
  title = {Combining {VAR} Estimation and State Space Model Reduction for Simple Good Predictions},
  journal = {J. of Forecasting: Special Issue on {VAR} Modelling},
  volume = {14},
  pages = {229--250},
}

@techreport{gilbert1993ssarma,
  author = {Gilbert, P.D.},
  title = {State Space and {ARMA} Models: An Overview of the Equivalence},
  institution = {Bank of Canada},
  address = {Ottawa, Canada},
  type = {Working Paper},
  number = {93-4},
  url = {http:www.bank-banque-canada.ca/pgilbert/},
  year = {1993},
}

@manual{dse-R,
  title = {Brief User's Guide: Dynamic Systems Estimation},
  author = {Gilbert, P.D.},
  year = {2006},
  url = {http:www.bank-banque-canada.ca/pgilbert/},
}

@book{eaton:2008,
       author =     {John W. Eaton},
       title =      {{GNU} {O}ctave Manual Version 3},
       publisher =  {Network Theory Limited},
       address = {Bristol, United Kingdom},
       year =       {2008}
}
     